%% This BibTeX bibliography file was created using BibDesk.
%% http://bibdesk.sourceforge.net/

%% Created for Rion Brattig Correia at 2017-04-03 13:18:29 +0100 


%% Saved with string encoding Unicode (UTF-8) 



@inproceedings{GatesManickaMarquesRocha:2016,
	Address = {Milan},
	Author = {Gates, A. and Manicka, S. and M. Marques-Pita and L.M. Rocha},
	Booktitle = {Complex Networks 2016: The 5th International Workshop on Complex Networks & Their Applications},
	Date-Added = {2017-04-03 12:13:47 +0000},
	Date-Modified = {2017-04-03 12:15:39 +0000},
	Month = {Nov. 30 - Dec. 02},
	Pages = {107-109},
	Title = {The effective structure of complex networks drives dynamics, criticality and control. },
	Year = {2016}}

@article{Pardalos:1998,
	Author = {Panos M. Pardalos and Tianbing Qian and Mauricio G.C. Resende},
	Date-Added = {2017-03-27 09:16:21 +0000},
	Date-Modified = {2017-03-27 09:17:56 +0000},
	Journal = {Journal of Combinatorial Optimization},
	Month = {Dec},
	Number = {4},
	Pages = {339-412},
	Title = {A Greedy Randomized Adaptive Search Procedure for the Feedback Vertex Set Problem},
	Volume = {2},
	Year = {1998}}

@article{Mochizuki:2013,
	Author = {Mochizuki A. and Fiedler B. and Kurosawa G. and Saito D.},
	Date-Added = {2017-03-27 09:14:10 +0000},
	Date-Modified = {2017-03-27 09:16:03 +0000},
	Doi = {10.1016/j.jtbi.2013.06.009},
	Journal = {Journal of Theoretical Biology},
	Month = {Oct 21},
	Pages = {130-146},
	Title = {Dynamics and control at feedback vertex sets. II: a faithful monitor to determine the diversity of molecular activities in regulatory networks.},
	Volume = {335},
	Year = {2013},
	Bdsk-Url-1 = {http://dx.doi.org/10.1016/j.jtbi.2013.06.009}}

@article{Milo:2012,
	Author = {R. Milo and S. Shen-Orr and S. Itzkovitz and N. Kashtan and D. Chklovskii and U. Alon},
	Date-Added = {2017-03-20 18:01:51 +0000},
	Date-Modified = {2017-03-20 18:03:20 +0000},
	Journal = {Science},
	Month = {Oct 25},
	Number = {5594},
	Pages = {824-827},
	Title = {Network motifs: simple building blocks of complex networks},
	Volume = {298},
	Year = {2002}}

@article{Fangting:2004,
	Author = {Fangting Li and Tao Long and Ying Lu and Qi Ouyang and Chao Tang},
	Date-Added = {2017-03-20 17:40:41 +0000},
	Date-Modified = {2017-03-20 17:41:22 +0000},
	Journal = {PNAS},
	Month = {April 6},
	Number = {14},
	Pages = {4781-4786},
	Title = {The Yeast Cell-Cycle Network is Robustly Designed},
	Volume = {101},
	Year = {2004}}

@article{Davidich:2008,
	Author = {M. I. Davidich and S. Bornholdt},
	Date-Added = {2017-03-20 17:37:19 +0000},
	Date-Modified = {2017-03-20 17:38:08 +0000},
	Journal = {PLoS ONE},
	Month = {Feb 27},
	Number = {2},
	Pages = {e1672},
	Title = {Boolean Network Model Predicts Cell Cycle Sequence of Fission Yeast},
	Volume = {3},
	Year = {2008}}

@article{Albert:2008,
	Author = {R. Albert and H. G. Othmer},
	Date-Added = {2017-03-20 17:36:43 +0000},
	Date-Modified = {2017-03-20 17:37:15 +0000},
	Journal = {Journal of Theoretical Biology},
	Number = {1},
	Pages = {1-18},
	Title = {The Topology of the Regulatory Interactions Predicts the Expression Pattern of the Segment Polarity Genes in Drosophila Melanogaster},
	Volume = {223},
	Year = {2003}}

@article{Chaos:2006,
	Author = {A. Chaos and M. Aldana and C. Espinosa-Soto and B. G. P. de Leon and A. G. Arroyo and E. R. Alvarez-Buylla},
	Date-Added = {2017-03-20 17:34:53 +0000},
	Date-Modified = {2017-03-20 17:44:25 +0000},
	Journal = {Journal of Plant Growth Regulation},
	Number = {4},
	Pages = {278-289},
	Title = {From Genes to Flower Patterns and Evolution: Dynamic Models of Gene Regulatory Networks},
	Volume = {25},
	Year = {2006}}

@article{Dubrova:2011,
	Author = {E. Dubrova and M. Teslenko},
	Date-Added = {2017-03-20 17:33:55 +0000},
	Date-Modified = {2017-03-20 17:34:47 +0000},
	Journal = {IEEE/ACM Transactions on Computational Biology and Bioinformatics},
	Number = {5},
	Pages = {1393-1399},
	Title = {A SAT-Based Algorithm for Finding Attractors in Synchronous Boolean Networks},
	Volume = {8},
	Year = {2011}}

@article{Marques-Pita:2013,
	Author = {Manual Marques-Pita and Luis M. Rocha},
	Date-Added = {2017-03-20 17:31:27 +0000},
	Date-Modified = {2017-03-20 17:33:46 +0000},
	Doi = {doi:10.1371/journal.pone.0055946.},
	Journal = {PLoS ONE},
	Number = {3},
	Pages = {e55946},
	Title = {Canalization and control in automata networks: body segmentation in Drosophila Melanogaster},
	Volume = {8},
	Year = {2013},
	Bdsk-Url-1 = {http://dx.doi.org/10.1371/journal.pone.0055946.}}

@inproceedings{Gates:2014,
	Author = {Alex Gates and Luis M. Rocha},
	Booktitle = {Artificial Life 14: Proceedings of the Fourteenth International Conference on the Synthesis and Simulation of Living Systems},
	Date-Added = {2017-03-20 17:29:42 +0000},
	Date-Modified = {2017-03-20 17:31:23 +0000},
	Pages = {429-430},
	Publisher = {MIT Press.},
	Title = {Structure and dynamics affect the controllability of complex systems: a Preliminary Study},
	Year = {2014}}

@article{Gates:2016,
	Author = {Alex Gates and Luis M. Rocha},
	Date-Added = {2017-03-20 17:28:58 +0000},
	Date-Modified = {2017-03-20 17:47:37 +0000},
	Doi = {10.1038/srep24456},
	Journal = {Scientific Reports},
	Number = {24456},
	Title = {Control of complex networks requires both structure and dynamics},
	Url = {http://www.informatics.indiana.edu/rocha/publications/NSR16.php},
	Volume = {6},
	Year = {2016},
	Bdsk-Url-1 = {http://www.informatics.indiana.edu/rocha/publications/NSR16.php},
	Bdsk-Url-2 = {http://dx.doi.org/10.1038/srep24456}}

@article{kadelka2017influence,
  title={The influence of canalization on the robustness of Boolean networks},
  author={Kadelka, Claus and Kuipers, Jack and Laubenbacher, Reinhard},
  journal={Physica D: Nonlinear Phenomena},
  year={2017},
  publisher={Elsevier}
}