@Article{CANA,
  author = 	 {Correia, Rion B. and Gates, Alexander J. and Wang, Xuan and Rocha, Luis M.},
  title = 	 {CANA: A Python Package for Quantifying Control and Canalization in Boolean Networks},
  journal = 	 {Frontiers in Physiology},
  year = 	 {2018},
  volume = 	 {9},
  pages = 	 {1046},
  doi = 	 {10.3389/fphys.2018.01046}
}
@Article{thaliana,
  author = 	 {Chaos, A. and Aldana, M. and Espinosa-Soto, C. and de Leon, B. G. P. and Arroyo, A. G. and Alvarez-Buylla, E. R.},
  title = 	 {From Genes to Flower Patterns and Evolution: Dynamic Models of Gene Regulatory Networks},
  journal = 	 {Journal of Plant Growth Regulation},
  year = 	 {2006},
  volume = 	 {25},
  number =      {4},
  pages = 	 {278-289}
}
